@misc{LaTeXWor68:online,
  author       = {},
  title        = {LaTeX Workshop を使いこなす \#VSCode - Qiita},
  howpublished = {\url{https://qiita.com/Yarakashi_Kikohshi/items/a9357dd469320ffb65a0}},
  month        = {},
  year         = {},
  note         = {(Accessed on 12/05/2023)}
}